<?xml version="1.0" encoding="UTF-8"?><collection><record><leader>06942ntm a2200589 a 4500</leader><controlfield tag="001">006832686</controlfield><controlfield tag="003">MiAaHDL</controlfield><controlfield tag="005">20190719000000.0</controlfield><controlfield tag="006">m        d        </controlfield><controlfield tag="007">cr bn ---auaua</controlfield><controlfield tag="008">090629s1845    xx            00| ||ara d</controlfield><datafield tag="035" ind1=" " ind2=" "><subfield code="a">(MiU)006832686</subfield></datafield><datafield tag="035" ind1=" " ind2=" "><subfield code="a">sdr-miu006832686</subfield></datafield><datafield tag="040" ind1=" " ind2=" "><subfield code="a">MiU</subfield><subfield code="c">MiU</subfield><subfield code="e">amremm</subfield></datafield><datafield tag="043" ind1=" " ind2=" "><subfield code="a">n-us-mi</subfield><subfield code="a">f-ua---</subfield></datafield><datafield tag="100" ind1="0" ind2=" "><subfield code="6">880-01</subfield><subfield code="a">Shihāb al-Dīn Muḥammad ibn Ismāʻīl,</subfield><subfield code="d">1795 or 1796-1857 or 1858.</subfield></datafield><datafield tag="240" ind1="1" ind2="0"><subfield code="6">880-02</subfield><subfield code="a">Safīnat al-mulk wa-nafīsat al-fulk</subfield></datafield><datafield tag="245" ind1="1" ind2="0"><subfield code="6">880-03</subfield><subfield code="a">Kitāb Safīnat al-mulk wa-nafīsat al-fulk,</subfield><subfield code="f">[1261, i.e. 1845].</subfield></datafield><datafield tag="246" ind1="3" ind2=" "><subfield code="i">Edge title (tail):</subfield><subfield code="a">سفينة الملك</subfield></datafield><datafield tag="260" ind1=" " ind2=" "><subfield code="c">[1845].</subfield></datafield><datafield tag="300" ind1=" " ind2=" "><subfield code="a">250 leaves :</subfield><subfield code="b">paper ;</subfield><subfield code="c">220 x 160 (155 x 85) mm.</subfield></datafield><datafield tag="500" ind1=" " ind2=" "><subfield code="a">Shelfmark: Ann Arbor, University of Michigan, Special Collections Library, Isl. Ms. 953</subfield></datafield><datafield tag="500" ind1=" " ind2=" "><subfield code="a">Origin: As appears in colophon at close, transcription completed 28 Jumādá I 1261 [ca. 4 June 1845] with a note indicating that the exemplar for this copy was a manuscript of the author. A gloss in the margin adjacent to the colophon appears to be dated, indicating that the gloss was entered 18 Shawwāl 1306, corresponding to 15 Buʼūnah 1605 and 16 June 1889.</subfield></datafield><datafield tag="500" ind1=" " ind2=" "><subfield code="a">Former shelfmark: Mich. Isl. Ms. temp. no. 102</subfield></datafield><datafield tag="500" ind1=" " ind2=" "><subfield code="a">Binding: Pasteboards faced in purple coated paper (embossed with scrolling vegetal design) with red leather over spine, fore edge flap and edges / turn-ins (paper faced, leather edged framed binding) ; Type II binding (with flap) ; board linings in untinted wove paper ; sewn in heavy white thread, two stations, failing toward center ; worked chevron endbands in dark blue and cream, fairly good condition though primaries compromised and core coming away from tailband ; overall in somewhat poor condition with cover almost fully detached at spine (adhesive has failed and spine lining has torn where primaries sewn through), abrasion, staining, losses of paper, minor pest damage, etc.</subfield></datafield><datafield tag="500" ind1=" " ind2=" "><subfield code="a">Support: European (specifically Venetian made by the Galvani firm) laid paper with 7-8 laid lines per cm. (vertical), chain lines spaced 30-32 mm. apart (horizontal), watermark of crescent (with human profile) in shield (pp.30, 32, 36, etc. and compare Walz, The Paper trade of Egypt and the Sudan, 88-9) and countermark of "V G" (see pp.28, 34, 46, etc.), quite sturdy, light cream in color, well-burnished ; table of contents at opening on two different machine wove papers ; replacement leaves (carrying pp.85-88, 125-126, 131-132, 203-204) also in a different paper ; some staining.</subfield></datafield><datafield tag="500" ind1=" " ind2=" "><subfield code="a">Decoration: Keywords and section headings rubricated ; textual dividers in the form of inverted commas in red.</subfield></datafield><datafield tag="500" ind1=" " ind2=" "><subfield code="a">Script: Naskh ; two elegant Egyptian hands ; opening hand (through p.118) in a medium line, mainly serifless with effect of tilt to the left, slight effect of words descending to baseline (occasional more exaggerated), curvilinear descenders, pointing in strokes rather than distinct dots, alif maqṣūrah pointed as yāʼ ; other main hand (p.119 to close) in a narrow line, partially seriffed with small leftward serifs on occasional ascender (usually free-standing alif), slight effect of inclination to the left, spacious with some elongation of horizontal strokes, curvilinear descenders, pointing in distinct dots, alif maqṣūrah usually pointed as yāʼ ; text of replacement leaves (pp.85-88, 125-126, 131-132, 203-204) in still a different hand.</subfield></datafield><datafield tag="500" ind1=" " ind2=" "><subfield code="a">Layout: Written in 21 lines per page ; frame-ruled (impression of ruling board evident).</subfield></datafield><datafield tag="500" ind1=" " ind2=" "><subfield code="a">Collation: V-4+3 (9), III-2 (13), 4 V(53), III (59), 7 V(129), IV (137), 10 V(237), IV (245), IV-3 (250) ; mainly quinions with occasional ternion or quaternion ; catchwords present ; pagination in black ink, Hindu-Arabic numerals ; pagination in pencil, Western numerals, supplied during cataloguing.</subfield></datafield><datafield tag="500" ind1=" " ind2=" "><subfield code="a">Colophon: Triangular, reads "وكان الفراغ من نسخ هذه السفينة يوم الثلاث المبارك ثمانية وعشرين خلت من شهر جماد اول الذي هو من شهور سنة ١٢٦١ احدى وستون ومائتين والف من هجرة من له العز والشرف صلى الله عليه وعلى اله تم ١٢٦١ نقلت هذه النسخة عن اصل نسخة المؤلف "</subfield></datafield><datafield tag="500" ind1=" " ind2=" "><subfield code="a">Explicit: "واذا اجرت بالاماني فيه ارخها سفينة البحر بسم الله مجرها</subfield></datafield><datafield tag="500" ind1=" " ind2=" "><subfield code="a">Incipit: "حمد لمن حكم على اهل الهوى بالنوى والفراق فصاروا بحيث لو صحوا بالحجاز اسمعوا من في العراق ... وبعد فلما ان كانت الارواح تتروح بالطرب واللهو وترتاح لاستماع الاغاني في مجالس الصفو والزهو ... وسميتها سفينة الملك ونفيسة الفلك ورتبتها على ثلاثة انابير صغير ووسط وكبير ..."</subfield></datafield><datafield tag="500" ind1=" " ind2=" "><subfield code="a">Title from 'title page' inscription.</subfield></datafield><datafield tag="500" ind1=" " ind2=" "><subfield code="a">Ms. codex.</subfield></datafield><datafield tag="510" ind1="4" ind2=" "><subfield code="a">Walz, Terence. "The Paper trade of Egypt and the Sudan in the eighteenth and nineteenth centuries and its re-export to the Bilad as-Sudan." In The Trans-Saharan book trade: manuscript culture, Arabic literacy, and intellectual history in Muslim Africa. Graziano Krätli and Ghislaine Lydon, Eds. (Leiden : Brill, 2011):</subfield><subfield code="c">73-108.</subfield></datafield><datafield tag="510" ind1="4" ind2=" "><subfield code="a">Brockelmann, C. GAL,</subfield><subfield code="c">II 474 ; S II 721</subfield></datafield><datafield tag="520" ind1="8" ind2=" "><subfield code="a">Fine copy of the collection of over 350 song texts (muwashshaḥāt) by Muḥammad Shihāb al-Dīn (d.1857), arranged in larger suites (waṣlāt). Lengthy table of contents at opening outlines the muwashshaḥāt and their corresponding rhythmic types (ḍurūb) within their waṣlāt and musical modes (maqām).</subfield></datafield><datafield tag="538" ind1=" " ind2=" "><subfield code="a">Mode of access: Internet.</subfield></datafield><datafield tag="541" ind1=" " ind2=" "><subfield code="a">Acquired in the Fall of 1950.</subfield></datafield><datafield tag="546" ind1=" " ind2=" "><subfield code="a">Arabic.</subfield></datafield><datafield tag="561" ind1=" " ind2=" "><subfield code="a">On upper pastedown, label with ex libris of James Heyworth-Dunne (d.1974), stamped with inventory numbers, "Ex Libris | J. Heyworth-Dunne | D. Lit. (London) | No.7783" ; UM Library inscription on p.3 "Dunning | Heyworth-Dunne | 6-13-51 | 71955" ; collation statement on 'title page' reads "عدة كراريس عدد ٢٥" ; occasional glosses and marginal corrections.</subfield></datafield><datafield tag="650" ind1=" " ind2="0"><subfield code="a">Manuscripts, Arabic</subfield><subfield code="z">Michigan</subfield><subfield code="z">Ann Arbor.</subfield></datafield><datafield tag="650" ind1=" " ind2="0"><subfield code="a">Folk songs, Arabic</subfield><subfield code="z">Egypt</subfield><subfield code="y">19th century.</subfield></datafield><datafield tag="650" ind1=" " ind2="0"><subfield code="a">Arabs</subfield><subfield code="v">Music.</subfield></datafield><datafield tag="650" ind1=" " ind2="0"><subfield code="a">Songs, Arabic.</subfield></datafield><datafield tag="650" ind1=" " ind2="0"><subfield code="a">Muwashshah.</subfield></datafield><datafield tag="700" ind1="1" ind2=" "><subfield code="a">Heyworth-Dunne, J.</subfield><subfield code="q">(James),</subfield><subfield code="e">former owner.</subfield></datafield><datafield tag="773" ind1="0" ind2=" "><subfield code="a">Heyworth-Dunne Collection.</subfield></datafield><datafield tag="880" ind1="1" ind2="0"><subfield code="6">245-03/</subfield><subfield code="a">كتاب سفينة الملك ونفيسة الفلك,</subfield><subfield code="f">[1261ه، 1845م].</subfield></datafield><datafield tag="880" ind1="1" ind2="0"><subfield code="6">240-02/</subfield><subfield code="a">سفية الملك ونفيسة الفلك</subfield></datafield><datafield tag="880" ind1="0" ind2=" "><subfield code="6">100-01/</subfield><subfield code="a">شهاب الدين محمد بن اسماعيل.</subfield></datafield><datafield tag="CID" ind1=" " ind2=" "><subfield code="a">006832686</subfield></datafield><datafield tag="DAT" ind1="0" ind2=" "><subfield code="a">20190719102640.0</subfield><subfield code="b">20190719000000.0</subfield></datafield><datafield tag="DAT" ind1="1" ind2=" "><subfield code="a">20190719090653.0</subfield><subfield code="b">2019-07-19T16:12:31Z</subfield></datafield><datafield tag="DAT" ind1="2" ind2=" "><subfield code="a">2015-10-10T18:00:06Z</subfield></datafield><datafield tag="CAT" ind1=" " ind2=" "><subfield code="a">SDR-MIU</subfield><subfield code="d">EX LIBRIS - ALEPH</subfield><subfield code="l">prepare.pl-004-008</subfield></datafield><datafield tag="FMT" ind1=" " ind2=" "><subfield code="a">BK</subfield></datafield><datafield tag="HOL" ind1=" " ind2=" "><subfield code="0">sdr-miu006832686</subfield><subfield code="a">MiU</subfield><subfield code="b">SDR</subfield><subfield code="c">MIU</subfield><subfield code="p">mdp.39015079131341</subfield><subfield code="s">MIU</subfield><subfield code="1">006832686</subfield></datafield><datafield tag="974" ind1=" " ind2=" "><subfield code="b">MIU</subfield><subfield code="c">MIU</subfield><subfield code="d">20190719</subfield><subfield code="s">lit-dlps-dc</subfield><subfield code="u">mdp.39015079131341</subfield><subfield code="y">1845</subfield><subfield code="r">pd</subfield><subfield code="q">bib</subfield><subfield code="t">non-US bib date1 &lt; 1879</subfield></datafield></record></collection>